<?xml version="1.0" encoding="UTF-8"?><collection xmlns="http://www.loc.gov/MARC21/slim"><record><leader>00395nam--2200133-i-4500</leader><controlfield tag="001">000002864</controlfield><controlfield tag="002">20161230</controlfield><controlfield tag="005">20161230201025</controlfield><controlfield tag="008">060222s1000------------r-----000-0-eng-d</controlfield><datafield ind1=" " ind2=" " tag="100"><subfield code="a">Bochner, Salomon</subfield></datafield><datafield ind1=" " ind2=" " tag="245"><subfield code="a">Harmonic analysis and the theory of probabili ty</subfield></datafield><datafield ind1=" " ind2=" " tag="260"><subfield code="a">Berkley, University Of California, 1955. 176 P</subfield></datafield><datafield ind1=" " ind2=" " tag="490"><subfield code="a">California Monographs In Mathematical Sciences</subfield></datafield><datafield ind1=" " ind2=" " tag="852"><subfield code="a">11172</subfield></datafield></record></collection>